<?xml version="1.0" encoding="utf-8"?>
<record xmlns="http://www.loc.gov/MARC21/slim" xmlns:xsi="http://www.w3.org/2001/XMLSchema-instance" xsi:schemaLocation="http://www.loc.gov/MARC21/slim http://www.loc.gov/standards/marcxml/schema/MARC21slim.xsd">
	<leader>
		02331nam a2200409   4500
	</leader>
	<controlfield tag="001">
		1015395
	</controlfield>
	<controlfield tag="003">
		NIC
	</controlfield>
	<controlfield tag="006">
		m        d        
	</controlfield>
	<controlfield tag="007">
		cr cn |||m|||a
	</controlfield>
	<controlfield tag="008">
		160129s1937    ua      o     000 0 ara d
	</controlfield>
	<datafield ind1=" " ind2=" " tag="040">
		<subfield code="a">
			NNU
		</subfield>
		<subfield code="b">
			eng
		</subfield>
		<subfield code="e">
			rda
		</subfield>
		<subfield code="c">
			NNU
		</subfield>
	</datafield>
	<datafield ind1=" " ind2="4" tag="050">
		<subfield code="a">
			BP153.A27
		</subfield>
		<subfield code="b">
			H67;1937
		</subfield>
	</datafield>
	<datafield ind1="1" ind2=" " tag="100">
		<subfield code="a">
			Ḥiṣnī, Taqī al-Dīn Abū Bakr ibn Muḥammad,
		</subfield>
		<subfield code="d">
			1351 or 1352-1426.
		</subfield>
	</datafield>
	<datafield ind1="1" ind2="0" tag="240">
		<subfield code="a">
			Kifāyat al-akhyār
		</subfield>
	</datafield>
	<datafield ind1="1" ind2="0" tag="245">
		<subfield code="a">
			Kifāyat al-akhyār fī ḥall Ghāyat al-ikhtiṣār /
		</subfield>
		<subfield code="c">
			taʼlīf Taqī al-Dīn Abī Bakr ibn Muḥammad al-Ḥusaynī al-Ḥiṣnī al-Dimashqī al-Shāfiʻī.
		</subfield>
	</datafield>
	<datafield ind1=" " ind2=" " tag="250">
		<subfield code="a">
			al-Ṭabʻah 2.
		</subfield>
	</datafield>
	<datafield ind1=" " ind2=" " tag="260">
		<subfield code="a">
			Miṣr [Cairo] :
		</subfield>
		<subfield code="b">
			Maṭbaʻat Muṣtạtafá al-Bābī al-Ḥalabī wa-awlāduh,
		</subfield>
		<subfield code="c">
			1937.
		</subfield>
	</datafield>
	<datafield ind1=" " ind2=" " tag="300">
		<subfield code="a">
			online resource (2 volumes in l)
		</subfield>
	</datafield>
	<datafield ind1=" " ind2=" " tag="336">
		<subfield code="a">
			text
		</subfield>
		<subfield code="2">
			rdacontent
		</subfield>
	</datafield>
	<datafield ind1=" " ind2=" " tag="337">
		<subfield code="a">
			computer
		</subfield>
		<subfield code="2">
			rdamedia
		</subfield>
	</datafield>
	<datafield ind1=" " ind2=" " tag="338">
		<subfield code="a">
			online resource
		</subfield>
		<subfield code="2">
			rdacarrier
		</subfield>
	</datafield>
	<datafield ind1=" " ind2=" " tag="500">
		<subfield code="a">
			&quot;Tamtāz bi-ḍabṭ (matn Ghāyat al-ikhtiṣār lil-Aṣfahānī) wa-al-āyāt al-qurʼānīyah al-karīmah wa-al-aḥādt̄h al-sharīfah al-wāridah bi-al-Sharḥ.&quot;
		</subfield>
	</datafield>
	<datafield ind1=" " ind2=" " tag="500">
		<subfield code="a">
			Part of the Arabic Collections Online (ACO) project, contributed by Cornell University Libraries.
		</subfield>
	</datafield>
	<datafield ind1=" " ind2=" " tag="533">
		<subfield code="a">
			Electronic reproduction.
		</subfield>
		<subfield code="b">
			New York, N.Y. :
		</subfield>
		<subfield code="c">
			New York University,
		</subfield>
		<subfield code="d">
			2016.
		</subfield>
		<subfield code="5">
			NNU
		</subfield>
	</datafield>
	<datafield ind1="1" ind2="0" tag="600">
		<subfield code="a">
			Abū Shujāʻ al-Iṣfahānī, Aḥmad ibn al-Ḥusayn,
		</subfield>
		<subfield code="d">
			approximately 1042-
		</subfield>
		<subfield code="t">
			Mukhtaṣar fī al-fiqh ʻalá madhhab al-Shāfiʻī.
		</subfield>
	</datafield>
	<datafield ind1=" " ind2="0" tag="650">
		<subfield code="a">
			Islamic law
		</subfield>
		<subfield code="v">
			Early works to 1800.
		</subfield>
	</datafield>
	<datafield ind1=" " ind2="0" tag="650">
		<subfield code="a">
			Shafiites
		</subfield>
		<subfield code="v">
			Early works to 1800.
		</subfield>
	</datafield>
	<datafield ind1="0" ind2="7" tag="630">
		<subfield code="a">
			Mukhtaṣar fī al-fiqh ʻalá madhhab al-Shāfiʻī (Abū Shujāʻ al-Iṣfahānī, Aḥmad ibn al-Ḥusayn)
		</subfield>
		<subfield code="2">
			fast
		</subfield>
		<subfield code="0">
			(OCoLC)fst01403587
		</subfield>
	</datafield>
	<datafield ind1=" " ind2="7" tag="650">
		<subfield code="a">
			Islamic law.
		</subfield>
		<subfield code="2">
			fast
		</subfield>
		<subfield code="0">
			(OCoLC)fst00979949
		</subfield>
	</datafield>
	<datafield ind1=" " ind2="7" tag="650">
		<subfield code="a">
			Shafiites.
		</subfield>
		<subfield code="2">
			fast
		</subfield>
		<subfield code="0">
			(OCoLC)fst01115053
		</subfield>
	</datafield>
	<datafield ind1=" " ind2="7" tag="655">
		<subfield code="a">
			Early works.
		</subfield>
		<subfield code="2">
			fast
		</subfield>
		<subfield code="0">
			(OCoLC)fst01411636
		</subfield>
	</datafield>
	<datafield ind1="2" ind2=" " tag="710">
		<subfield code="a">
			Cornell University.
		</subfield>
		<subfield code="b">
			Libraries.
		</subfield>
	</datafield>
	<datafield ind1="0" ind2=" " tag="730">
		<subfield code="a">
			Arabic Collections Online.
		</subfield>
	</datafield>
	<datafield ind1="0" ind2="8" tag="776">
		<subfield code="i">
			Print version:
		</subfield>
		<subfield code="a">
			Ḥiṣnī, Taqī al-Dīn Abū Bakr ibn Muḥammad, 1351 or 1352-1426.
		</subfield>
		<subfield code="t">
			Kifāyat al-akhyār fī ḥall Ghāyat al-ikhtiṣār
		</subfield>
		<subfield code="w">
			(NIC)1015395
		</subfield>
		<subfield code="w">
			(OCoLC)63215331
		</subfield>
	</datafield>
	<datafield ind1="4" ind2="0" tag="856">
		<subfield code="u">
			http://hdl.handle.net/2333.1/f1vhhqsn
		</subfield>
	</datafield>
	<datafield ind1=" " ind2=" " tag="959">
		<subfield code="a">
			NNU
		</subfield>
		<subfield code="b">
			WEB
		</subfield>
		<subfield code="c">
			GENI
		</subfield>
		<subfield code="t">
			0
		</subfield>
		<subfield code="m">
			Electronic access
		</subfield>
		<subfield code="s">
			01
		</subfield>
	</datafield>
	<datafield ind1=" " ind2=" " tag="999">
		<subfield code="i">
			NIC_1015395
		</subfield>
		<subfield code="o">
			(OCoLC)ocm63215331 
		</subfield>
		<subfield code="s">
			cornell_aco000525
		</subfield>
		<subfield code="e">
			(ERROR-880)
		</subfield>
	</datafield>
</record>
